@inproceedings{Balzer2005,
address = {Washington, DC, USA},
author = {Balzer, Michael and Deussen, Oliver},
booktitle = {Proceedings of the Proceedings of the 2005 IEEE Symposium on Information Visualization},
doi = {10.1109/INFOVIS.2005.40},
file = {:home/qingxiao/Documents/papers/vis/Balzer\_InfoVis05\_Voronoi Treemaps.pdf:pdf},
isbn = {0-7803-9464-x},
keywords = {Hierarchies,Information Visualization,Treemaps,Trees,Voronoi Tessellations,Voronoi Treemaps},
pages = {7----},
publisher = {IEEE Computer Society},
series = {INFOVIS '05},
title = {{Voronoi Treemaps}},
url = {http://dx.doi.org/10.1109/INFOVIS.2005.40},
year = {2005}
}


@inproceedings{Beaudoin1996,
address = {Los Alamitos, CA, USA},
author = {Beaudoin, Luc and Parent, Marc-Antoine and Vroomen, Louis C},
booktitle = {Proceedings of the 7th Conference on Visualization '96},
isbn = {0-89791-864-9},
keywords = {focus+context techniques,graphical browser,hierarchical representation,information visualization and exploration},
pages = {87----ff.},
publisher = {IEEE Computer Society Press},
series = {VIS '96},
title = {{Cheops: A Compact Explorer for Complex Hierarchies}},
url = {http://dl.acm.org/citation.cfm?id=244979.245014},
year = {1996}
}

@article{du1999centroidal,
author = {Du, Q. and Faber, V. and Gunzburger, M.},
title = {Centroidal Voronoi Tessellations: Applications and Algorithms},
journal = {SIAM Review},
volume = {41},
number = {4},
pages = {637-676},
year = {1999},
doi = {10.1137/S0036144599352836},
url = {http://dx.doi.org/10.1137/S0036144599352836},
eprint = {http://dx.doi.org/10.1137/S0036144599352836}
}


