@inproceedings{boardman2000bubble,
	title={Bubble trees the visualization of hierarchical information structures},
	author={Boardman, Richard},
	booktitle={CHI'00 extended abstracts on Human factors in computing systems},
	pages={315--316},
	year={2000},
	organization={ACM}
}

@article{schaffer1996navigating,
	title={Navigating hierarchically clustered networks through fisheye and full-zoom methods},
	author={Schaffer, Doug and Zuo, Zhengping and Greenberg, Saul and Bartram, Lyn and Dill, John and Dubs, Shelli and Roseman, Mark},
	journal={ACM Transactions on Computer-Human Interaction (TOCHI)},
	volume={3},
	number={2},
	pages={162--188},
	year={1996},
	publisher={ACM}
}

@phdthesis{browning1980tree,
	title={The tree machine: A highly concurrent computing environment},
	author={Browning, Sally A},
	year={1980},
	school={California Institute of Technology}
}

@article{Wijk1999,
	author = {Wijk, J J Van and de Wetering, H Van},
	doi = {10.1109/INFVIS.1999.801860},
	file = {:home/qingxiao/Documents/papers/vis//Wijk, Wetering - 1999 - Cushion treemaps Visualization of hierarchical information.pdf:pdf},
	isbn = {0-7695-0431-0},
	issn = {1522-404X},
	journal = {Proceedings 1999 IEEE Symposium on Information Visualization (InfoVis'99)},
	title = {{Cushion treemaps: visualization of hierarchical information}},
	year = {1999}
}

@INPROCEEDINGS{Bruls99squarifiedtreemaps,
	author = {Mark Bruls and Kees Huizing and Jarke van Wijk},
	title = {Squarified Treemaps},
	booktitle = {In Proceedings of the Joint Eurographics and IEEE TCVG Symposium on Visualization},
	year = {1999},
	pages = {33--42},
	publisher = {Press}
}

@INPROCEEDINGS{Balzer_voronoitreemaps,
	author = {Michael Balzer and Oliver Deussen},
	title = {Voronoi Treemaps},
	booktitle = {In Proceedings of the IEEE Symposium on Information Visualization 2005},
	year = {},
	pages = {49--56}
}

@Misc{treemaphistory,
	howpublished = {\url{http://www.cs.umd.edu/hcil/treemap-history/}},
	title = {Treemaps for space-constrained visualization of hierarchies},
	author = {Ben Shneiderman},
	year = {1998-}
}

@inproceedings{munzner2003treejuxtaposer,
	title={TreeJuxtaposer: scalable tree comparison using Focus+ Context with guaranteed visibility},
	author={Munzner, Tamara and Guimbreti{\`e}re, Fran{\c{c}}ois and Tasiran, Serdar and Zhang, Li and Zhou, Yunhong},
	booktitle={ACM Transactions on Graphics (TOG)},
	volume={22},
	number={3},
	pages={453--462},
	year={2003},
	organization={ACM}
}

@inproceedings{andrews1998information,
	title={Information slices: Visualising and exploring large hierarchies using cascading, semi-circular discs},
	author={Andrews, Keith and Heidegger, Helmut},
	booktitle={Proc of IEEE Infovisâ€™ 98 late breaking Hot Topics},
	pages={9--11},
	year={1998}
}

@inproceedings{neumann2005arctrees,
	title={Arctrees: Visualizing relations in hierarchical data},
	author={Neumann, Petra and Schlechtweg, Stefan and Carpendale, Sheelagh},
	booktitle={Proceedings of the Seventh Joint Eurographics/IEEE VGTC conference on Visualization},
	pages={53--60},
	year={2005},
	organization={Eurographics Association}
}

@article{Guerra-Gomez2013,
	author = {Guerra-Gomez, JA and Pack, ML},
	journal = {Visualization and \ldots},
	number = {12},
	pages = {2566--2575},
	title = {{Visualizing Change over Time Using Dynamic Hierarchies: TreeVersity2 and the StemView}},
	url = {http://ieeexplore.ieee.org/xpls/abs\_all.jsp?arnumber=6634101},
	volume = {19},
	year = {2013}
}


@article{Burch2011TimeRadar,
	author = {Burch, Michael and Hoferlin, Markus and Weiskopf, Daniel},
	doi = {10.1109/IV.2011.93},
	file = {:home/qingxiao/Documents/papers/vis/survey/06004017.pdf:pdf},
	isbn = {978-1-4577-0868-8},
	journal = {2011 15th International Conference on Information Visualisation},
	keywords = {dynamic graph visualization,indented tree,plots,timeradartrees},
	month = jul,
	pages = {18--25},
	publisher = {Ieee},
	title = {{Layered TimeRadarTrees}},
	url = {http://ieeexplore.ieee.org/lpdocs/epic03/wrapper.htm?arnumber=6004017},
	year = {2011}
}


@inproceedings{burch2011,
	title={Visualizing dynamic quantitative data in hierarchies},
	author={Burch, Michael and Weiskopf, Daniel},
	booktitle={Proceedings of international conference on information visualization theory and applications},
	pages={177--186},
	year={2011},
	link={http://www.vis.uni-stuttgart.de/uploads/tx_vispublications/Burch2011.pdf}
}

@article{frank1998different,
	title={Different Types of" Times" in GlS},
	author={Frank, Andrew U},
	journal={Spatial and temporal reasoning in geographic information systems},
	pages={40},
	year={1998},
	publisher={Oxford University Press}
}

@inproceedings{muller2003visualization,
	title={Visualization methods for time-dependent data-an overview},
	author={Mull{\"e}r, Wolgang and Schumann, Heidrun},
	booktitle={Simulation Conference, 2003. Proceedings of the 2003 Winter},
	volume={1},
	pages={737--745},
	year={2003},
	organization={IEEE}
}


@article{JHS2011,
	author = {Hans-Jorg Schulz and Steffen Hadlak and Heidrun Schumann},
	title = {The Design Space of Implicit Hierarchy Visualization: A Survey},
	journal ={IEEE Transactions on Visualization and Computer Graphics},
	volume = {17},
	number = {4},
	issn = {1077-2626},
	year = {2011},
	pages = {393-411},
	doi = {http://doi.ieeecomputersociety.org/10.1109/TVCG.2010.79},
	publisher = {IEEE Computer Society},
	address = {Los Alamitos, CA, USA},
}


@article{sirin2002,
	title={Visualizing dynamic hierarchies in treemaps},
	author={Sirin, Evren and Yaman, Fusun},
	year={2002},
	publisher={Citeseer}
}

@inproceedings{theron2006hierarchical,
	title={Hierarchical-temporal data visualization using a tree-ring metaphor},
	author={Ther{\'o}n, Roberto},
	booktitle={Smart graphics},
	pages={70--81},
	year={2006},
	organization={Springer}
}

@inproceedings{wilson1999dynamic,
	title={Dynamic hierarchy specification and visualization},
	author={Wilson, Richard M and Bergeron, R Daniel},
	booktitle={Information Visualization, 1999.(Info Vis' 99) Proceedings. 1999 IEEE Symposium on},
	pages={65--72},
	year={1999},
	organization={IEEE}
}

@inproceedings{stasko2000focus,
	title={Focus+ context display and navigation techniques for enhancing radial, space-filling hierarchy visualizations},
	author={Stasko, John and Zhang, Eugene},
	booktitle={Information Visualization, 2000. InfoVis 2000. IEEE Symposium on},
	pages={57--65},
	year={2000},
	organization={IEEE}
}

@article {TVCG2322594,
	author = {Hlawatsch, Marcel and Burch, Michael and Weiskopf, Daniel},
	title = {Visual Adjacency Lists for Dynamic Graphs},
	year = {2014},
	journal = {IEEE Transactions on Visualization and Computer Graphics},
	volume = {20},
	number = {11},
	pages = {1590--1603},
	url = {http://doi.acm.org/10.1109/TVCG.2014.2322594},
	doi = {10.1109/TVCG.2014.2322594}
}

@inproceedings{balzer2005voronoi,
	title={Voronoi treemaps for the visualization of software metrics},
	author={Balzer, Michael and Deussen, Oliver and Lewerentz, Claus},
	booktitle={Proceedings of the 2005 ACM symposium on Software visualization},
	pages={165--172},
	year={2005},
	organization={ACM}
}

@article{vliegen2006visualizing,
	title={Visualizing business data with generalized treemaps},
	author={Vliegen, Roel and van Wijk, Jarke J and Van der Linden, E-J},
	journal={Visualization and Computer Graphics, IEEE Transactions on},
	volume={12},
	number={5},
	pages={789--796},
	year={2006},
	publisher={IEEE}
}

@article{jin1997tennisviewer,
	title={Tennisviewer: A browser for competition trees},
	author={Jin, Liqun and Banks, David C},
	journal={Computer Graphics and Applications, IEEE},
	volume={17},
	number={4},
	pages={63--65},
	year={1997},
	url={http://ieeexplore.ieee.org/xpls/abs_all.jsp?arnumber=595272},
	publisher={IEEE}
}

@article{jungmeister1992adapting,
  title={Adapting treemaps to stock portfolio visualization},
  author={Jungmeister, Walter-Alexander and Turo, David},
  year={1992}
}

@inproceedings{wattenberg1999visualizing,
  title={Visualizing the stock market},
  author={Wattenberg, Martin},
  booktitle={CHI'99 extended abstracts on Human factors in computing systems},
  pages={188--189},
  year={1999},
  organization={ACM},
	url = {http://dl.acm.org/citation.cfm?id=632834}
}
