@Misc{exceptionhandling,
howpublished =
{\url{http://programmers.stackexchange.com/questions/231057/exceptions-why-throw-early-why-catch-late/231064#231064}}
}